<record><leader>00000cas a22000007a 4500</leader><controlfield tag="001">20818785</controlfield><controlfield tag="008">891226d19231924ndumr ne      0    0eng d</controlfield><datafield ind1=" " ind2=" " tag="010"><subfield code="a">sn 89074492 </subfield></datafield><datafield ind1=" " ind2=" " tag="040"><subfield code="a">NOP</subfield><subfield code="b">eng</subfield><subfield code="c">NOP</subfield><subfield code="d">OCLCQ</subfield></datafield><datafield ind1=" " ind2=" " tag="042"><subfield code="a">msc</subfield></datafield><datafield ind1=" " ind2="4" tag="050"><subfield code="a">AP2</subfield><subfield code="b">.R8</subfield></datafield><datafield ind1="0" ind2="4" tag="245"><subfield code="a">The Rural independent and the independent review.</subfield></datafield><datafield ind1=" " ind2=" " tag="260"><subfield code="a">Fargo, N.D. :</subfield><subfield code="b">Theodore G. Nelson</subfield></datafield><datafield ind1=" " ind2=" " tag="300"><subfield code="a">1 v. :</subfield><subfield code="b">ill. ;</subfield><subfield code="c">37 cm.</subfield></datafield><datafield ind1=" " ind2=" " tag="310"><subfield code="a">Monthly</subfield></datafield><datafield ind1="0" ind2=" " tag="362"><subfield code="a">Vol. 5, no. 3 (May 1923)-v. 6, no. 7 (July 1924).</subfield></datafield><datafield ind1=" " ind2=" " tag="530"><subfield code="a">Available on microfilm from the State Historical Society of North Dakota.</subfield></datafield><datafield ind1=" " ind2=" " tag="752"><subfield code="a">United States</subfield><subfield code="b">North Dakota</subfield><subfield code="c">Cass</subfield><subfield code="d">Fargo.</subfield></datafield><datafield ind1="0" ind2="0" tag="780"><subfield code="t">Independent review (Fargo, N.D.)</subfield><subfield code="w">(DLC)sn 89074491</subfield></datafield></record>